<?xml version="1.0" encoding="UTF-8"?><collection xmlns="http://www.loc.gov/MARC21/slim"><record><leader>00390nam--2200133-i-4500</leader><controlfield tag="001">000046843</controlfield><controlfield tag="002">20161230</controlfield><controlfield tag="005">20161230201046</controlfield><controlfield tag="008">060222s1000------------r-----000-0-eng-d</controlfield><datafield ind1=" " ind2=" " tag="080"><subfield code="a">621.9</subfield></datafield><datafield ind1=" " ind2=" " tag="100"><subfield code="a">Voivu,N. Si Gavrilas,I</subfield></datafield><datafield ind1=" " ind2=" " tag="245"><subfield code="a">Tehnologia de fabricatie a rotilor dintate pe masini-unelete clasice si cu comanda program</subfield></datafield><datafield ind1=" " ind2=" " tag="260"><subfield code="a">Bucuresti, Ed.Tehnica, 1982. 347 P</subfield></datafield><datafield ind1=" " ind2=" " tag="852"><subfield code="a">70457</subfield></datafield></record></collection>